[gd_scene load_steps=29 format=2]

[ext_resource path="res://addons/pokemon_database_editor/tabs/pokemon_data_editor_tab/slider_value.gd" type="Script" id=2]
[ext_resource path="res://addons/pokemon_database_editor/tabs/pokemon_data_editor_tab/base_happiness_value.gd" type="Script" id=3]
[ext_resource path="res://addons/pokemon_database_editor/tabs/pokemon_data_editor_tab/sprite_drag_drop.gd" type="Script" id=4]
[ext_resource path="res://Fonts/3ds/3ds_bold.tres" type="DynamicFont" id=5]
[ext_resource path="res://Fonts/3ds/3ds_regular.tres" type="DynamicFont" id=6]
[ext_resource path="res://addons/pokemon_database_editor/tabs/pokemon_data_editor_tab/Resources/Icons/female.png" type="Texture" id=7]
[ext_resource path="res://addons/pokemon_database_editor/tabs/pokemon_data_editor_tab/Resources/Icons/male.png" type="Texture" id=8]
[ext_resource path="res://Graphics/UI/TypeIcons/normal_icon.png" type="Texture" id=9]
[ext_resource path="res://Graphics/UI/TypeIcons/psychic_icon.png" type="Texture" id=10]
[ext_resource path="res://Graphics/UI/TypeIcons/ghost_icon.png" type="Texture" id=11]
[ext_resource path="res://Graphics/UI/TypeIcons/rock_icon.png" type="Texture" id=12]
[ext_resource path="res://Graphics/UI/TypeIcons/ice_icon.png" type="Texture" id=13]
[ext_resource path="res://Graphics/UI/TypeIcons/water_icon.png" type="Texture" id=14]
[ext_resource path="res://addons/pokemon_database_editor/tabs/pokemon_data_editor_tab/Resources/Icons/percent.png" type="Texture" id=15]
[ext_resource path="res://Graphics/UI/TypeIcons/electric_icon.png" type="Texture" id=16]
[ext_resource path="res://Graphics/UI/TypeIcons/grass_icon.png" type="Texture" id=17]
[ext_resource path="res://Graphics/UI/TypeIcons/poison_icon.png" type="Texture" id=18]
[ext_resource path="res://Graphics/UI/TypeIcons/ground_icon.png" type="Texture" id=19]
[ext_resource path="res://Graphics/UI/TypeIcons/fighting_icon.png" type="Texture" id=20]
[ext_resource path="res://Graphics/UI/TypeIcons/flying_icon.png" type="Texture" id=21]
[ext_resource path="res://Graphics/UI/TypeIcons/bug_icon.png" type="Texture" id=22]
[ext_resource path="res://Graphics/UI/TypeIcons/dragon_icon.png" type="Texture" id=23]
[ext_resource path="res://Graphics/UI/TypeIcons/dark_icon.png" type="Texture" id=24]
[ext_resource path="res://Graphics/UI/TypeIcons/fairy_icon.png" type="Texture" id=25]
[ext_resource path="res://Graphics/UI/TypeIcons/steel_icon.png" type="Texture" id=26]
[ext_resource path="res://Graphics/UI/TypeIcons/fire_icon.png" type="Texture" id=27]
[ext_resource path="res://addons/pokemon_database_editor/styles/pokemon_database_editor.tres" type="StyleBox" id=28]

[sub_resource type="StyleBoxLine" id=1]
color = Color( 0, 0, 0, 0 )

[node name="Main" type="ColorRect"]
anchor_right = 1.0
anchor_bottom = 1.0
margin_left = -1.18921
margin_right = -1.18921
margin_bottom = 2216.0
rect_min_size = Vector2( 0, 2816 )
size_flags_horizontal = 3
size_flags_vertical = 3
color = Color( 0.14902, 0.172549, 0.231373, 1 )
__meta__ = {
"_edit_use_anchors_": false
}

[node name="General" type="Label" parent="."]
margin_left = 23.4126
margin_top = 25.0
margin_right = 409.413
margin_bottom = 506.0
rect_pivot_offset = Vector2( 61, 16.5 )
custom_styles/normal = SubResource( 1 )
custom_fonts/font = ExtResource( 5 )
text = "General


"
__meta__ = {
"_edit_use_anchors_": false
}

[node name="SpeciesName" type="Label" parent="General"]
anchor_left = -0.000488281
anchor_right = -0.000488281
margin_left = 6.65724
margin_top = 51.5244
margin_right = 57.6572
margin_bottom = 94.5244
custom_fonts/font = ExtResource( 6 )
text = "Name
"
__meta__ = {
"_edit_use_anchors_": false
}

[node name="Value" type="LineEdit" parent="General/SpeciesName"]
margin_left = 158.0
margin_right = 333.0
margin_bottom = 24.0
hint_tooltip = "Displayed name in-game"
custom_styles/normal = ExtResource( 28 )
placeholder_alpha = 0.2
caret_blink = true
caret_blink_speed = 0.5
__meta__ = {
"_edit_use_anchors_": false
}

[node name="IndexNumber" type="Label" parent="General"]
margin_left = 6.46876
margin_top = 88.5244
margin_right = 107.469
margin_bottom = 125.524
custom_fonts/font = ExtResource( 6 )
text = "Index Number
"
__meta__ = {
"_edit_use_anchors_": false
}

[node name="Value" type="LineEdit" parent="General/IndexNumber"]
margin_left = 158.0
margin_right = 237.0
margin_bottom = 24.0
hint_tooltip = "Determines position in pokedex

Updates automatically if moved in the pokedex menu"
custom_styles/normal = ExtResource( 28 )
align = 1
placeholder_alpha = 0.2
caret_blink = true
caret_blink_speed = 0.5
__meta__ = {
"_edit_use_anchors_": false
}

[node name="InternalName" type="Label" parent="General"]
margin_left = 6.46876
margin_top = 125.524
margin_right = 107.469
margin_bottom = 162.524
custom_fonts/font = ExtResource( 6 )
text = "Internal Name
"
__meta__ = {
"_edit_use_anchors_": false
}

[node name="Value" type="LineEdit" parent="General/InternalName"]
margin_left = 158.0
margin_right = 333.0
margin_bottom = 24.0
hint_tooltip = "Name reffered to internally, will automatically be made lower-case. Also used as file name."
custom_styles/normal = ExtResource( 28 )
placeholder_alpha = 0.2
caret_blink = true
caret_blink_speed = 0.5
__meta__ = {
"_edit_use_anchors_": false
}

[node name="Icon" type="Label" parent="General"]
margin_left = 6.46876
margin_top = 162.524
margin_right = 107.469
margin_bottom = 199.524
custom_fonts/font = ExtResource( 6 )
text = "Icon
"
__meta__ = {
"_edit_use_anchors_": false
}

[node name="Value" type="TextureRect" parent="General/Icon"]
margin_left = 158.0
margin_right = 222.0
margin_bottom = 64.0
hint_tooltip = "Drag and drop a png file

Make sure to check transparency is correct!"
mouse_filter = 0
expand = true
script = ExtResource( 4 )
__meta__ = {
"_edit_use_anchors_": false
}

[node name="Border" type="LineEdit" parent="General/Icon/Value"]
show_behind_parent = true
anchor_right = 1.0
anchor_bottom = 1.0
mouse_filter = 2
custom_styles/read_only = ExtResource( 28 )
editable = false
context_menu_enabled = false
virtual_keyboard_enabled = false
shortcut_keys_enabled = false
selecting_enabled = false
__meta__ = {
"_edit_use_anchors_": false
}

[node name="GenderRatio" type="Label" parent="General"]
margin_left = 5.0
margin_top = 257.0
margin_right = 106.0
margin_bottom = 294.0
custom_fonts/font = ExtResource( 6 )
text = "Gender Ratio
"
__meta__ = {
"_edit_use_anchors_": false
}

[node name="Value" type="HSlider" parent="General/GenderRatio"]
margin_left = 158.0
margin_right = 333.0
margin_bottom = 24.0
hint_tooltip = "For exact-value-type use the containers below"
max_value = 1.0
step = 0.01
value = 0.5
ticks_on_borders = true
script = ExtResource( 2 )
__meta__ = {
"_edit_use_anchors_": false
}

[node name="TextureRect" type="TextureRect" parent="General/GenderRatio/Value"]
margin_left = 185.0
margin_top = 37.0
margin_right = 167.0
margin_bottom = 48.0827
texture = ExtResource( 8 )
__meta__ = {
"_edit_use_anchors_": true
}

[node name="TextureRect2" type="TextureRect" parent="General/GenderRatio/Value"]
margin_left = -17.5946
margin_top = 37.0
margin_right = -8.70535
margin_bottom = 48.0827
texture = ExtResource( 7 )
__meta__ = {
"_edit_use_anchors_": false
}

[node name="ValueF" type="LineEdit" parent="General/GenderRatio/Value"]
margin_left = -1.0
margin_top = 30.0
margin_right = 69.0
margin_bottom = 54.0
custom_styles/normal = ExtResource( 28 )
text = "50"
align = 1
right_icon = ExtResource( 15 )
placeholder_text = "50"
placeholder_alpha = 0.5
caret_blink = true
caret_blink_speed = 0.5
__meta__ = {
"_edit_use_anchors_": false
}

[node name="ValueM" type="LineEdit" parent="General/GenderRatio/Value"]
margin_left = 105.0
margin_top = 30.0
margin_right = 175.0
margin_bottom = 54.0
custom_styles/normal = ExtResource( 28 )
text = "50"
align = 1
right_icon = ExtResource( 15 )
placeholder_text = "50"
placeholder_alpha = 0.2
caret_blink = true
caret_blink_speed = 0.5
__meta__ = {
"_edit_use_anchors_": false
}

[node name="GrowthRate" type="Label" parent="General"]
margin_left = 5.0
margin_top = 324.0
margin_right = 105.0
margin_bottom = 361.0
custom_fonts/font = ExtResource( 6 )
text = "Growth Rate
"
__meta__ = {
"_edit_use_anchors_": false
}

[node name="Value" type="OptionButton" parent="General/GrowthRate"]
margin_left = 158.0
margin_right = 333.0
margin_bottom = 24.0
hint_tooltip = "Decides the amount of exp required for lvl 100

Refer to bulbapedia for exact values"
custom_styles/normal = ExtResource( 28 )
text = "Erratic"
align = 1
items = [ "Erratic", null, false, 0, null, "Fast", null, false, 1, null, "Medium Fast", null, false, 2, null, "Medium Slow", null, false, 3, null, "Slow", null, false, 4, null, "Fluctuating", null, false, 5, null ]
selected = 0
__meta__ = {
"_edit_use_anchors_": false
}

[node name="BaseHappiness" type="Label" parent="General"]
margin_left = 5.0
margin_top = 361.0
margin_right = 115.0
margin_bottom = 398.0
custom_fonts/font = ExtResource( 6 )
text = "Base Happiness
"
__meta__ = {
"_edit_use_anchors_": false
}

[node name="Value" type="HSlider" parent="General/BaseHappiness"]
margin_left = 158.0
margin_right = 273.0
margin_bottom = 24.0
hint_tooltip = "Initial happiness value when pokemon is first obtained"
min_value = 1.0
max_value = 255.0
value = 1.0
ticks_on_borders = true
script = ExtResource( 3 )
__meta__ = {
"_edit_use_anchors_": false
}

[node name="Value" type="LineEdit" parent="General/BaseHappiness/Value"]
margin_left = 125.0
margin_right = 175.0
margin_bottom = 16.0
hint_tooltip = "Initial happiness value when pokemon is first obtained"
custom_styles/normal = ExtResource( 28 )
text = "1"
align = 1
caret_blink = true
caret_blink_speed = 0.5
__meta__ = {
"_edit_use_anchors_": false
}

[node name="CatchRate" type="Label" parent="General"]
margin_left = 5.0
margin_top = 398.0
margin_right = 115.0
margin_bottom = 435.0
custom_fonts/font = ExtResource( 6 )
text = "Catch Rate
"
__meta__ = {
"_edit_use_anchors_": false
}

[node name="Value" type="HSlider" parent="General/CatchRate"]
margin_left = 158.0
margin_right = 273.0
margin_bottom = 24.0
hint_tooltip = "Determines how hard the pokemon is to catch in the wild"
min_value = 1.0
max_value = 255.0
value = 1.0
ticks_on_borders = true
script = ExtResource( 3 )
__meta__ = {
"_edit_use_anchors_": false
}

[node name="Value" type="LineEdit" parent="General/CatchRate/Value"]
margin_left = 125.0
margin_right = 175.0
margin_bottom = 16.0
custom_styles/normal = ExtResource( 28 )
text = "1"
align = 1
caret_blink = true
caret_blink_speed = 0.5
__meta__ = {
"_edit_use_anchors_": false
}

[node name="EVYield" type="Label" parent="General"]
margin_left = 5.0
margin_top = 435.0
margin_right = 115.0
margin_bottom = 472.0
custom_fonts/font = ExtResource( 6 )
text = "EV Yield
"
__meta__ = {
"_edit_use_anchors_": false
}

[node name="Value" type="LineEdit" parent="General/EVYield"]
margin_left = 158.0
margin_right = 237.0
margin_bottom = 24.0
hint_tooltip = "The amount of effort values earned by knocking out the pokemon

Is usually a value from 1 to 3"
custom_styles/normal = ExtResource( 28 )
text = "0"
align = 1
caret_blink = true
caret_blink_speed = 0.5
__meta__ = {
"_edit_use_anchors_": false
}

[node name="ValueType" type="OptionButton" parent="General/EVYield"]
margin_left = 256.0
margin_right = 333.0
margin_bottom = 24.0
hint_tooltip = "The type of effort values earned by knocking out the pokemon"
custom_styles/normal = ExtResource( 28 )
text = "Hp"
align = 1
items = [ "Hp", null, false, 0, null, "Attack", null, false, 1, null, "Defence", null, false, 2, null, "Sp. Atk", null, false, 3, null, "Sp. Def", null, false, 4, null, "Speed", null, false, 5, null ]
selected = 0
__meta__ = {
"_edit_use_anchors_": false
}

[node name="EggData" type="Label" parent="."]
margin_left = 25.0
margin_top = 522.818
margin_right = 121.0
margin_bottom = 559.818
custom_fonts/font = ExtResource( 5 )
text = "Egg Data"
__meta__ = {
"_edit_use_anchors_": false
}

[node name="EggGroup1" type="Label" parent="EggData"]
margin_left = 5.0
margin_top = 50.0
margin_right = 105.0
margin_bottom = 87.0
custom_fonts/font = ExtResource( 6 )
text = "Egg group 1"
__meta__ = {
"_edit_use_anchors_": false
}

[node name="Value" type="OptionButton" parent="EggData/EggGroup1"]
margin_left = 158.0
margin_right = 333.0
margin_bottom = 24.0
hint_tooltip = "Decides the amount of exp required for lvl 100

Refer to bulbapedia for exact values"
custom_styles/normal = ExtResource( 28 )
text = "Amorphous"
align = 1
items = [ "Amorphous", null, false, 0, null, "Bug", null, false, 1, null, "Dragon", null, false, 2, null, "Fairy", null, false, 3, null, "Field", null, false, 4, null, "Flying", null, false, 5, null, "Grass", null, false, 6, null, "Human-like", null, false, 7, null, "Mineral", null, false, 8, null, "Monster", null, false, 9, null, "Water 1", null, false, 10, null, "Water 2", null, false, 11, null, "Water 3", null, false, 12, null, "Ditto", null, false, 13, null, "Undiscovered", null, false, 14, null ]
selected = 0
__meta__ = {
"_edit_use_anchors_": false
}

[node name="EggGroup2" type="Label" parent="EggData"]
margin_left = 5.0
margin_top = 86.5992
margin_right = 105.0
margin_bottom = 123.599
custom_fonts/font = ExtResource( 6 )
text = "Egg group 2"
__meta__ = {
"_edit_use_anchors_": false
}

[node name="Value" type="OptionButton" parent="EggData/EggGroup2"]
margin_left = 158.0
margin_right = 333.0
margin_bottom = 24.0
hint_tooltip = "Decides the amount of exp required for lvl 100

Refer to bulbapedia for exact values"
custom_styles/normal = ExtResource( 28 )
text = "Amorphous"
align = 1
items = [ "Amorphous", null, false, 0, null, "Bug", null, false, 1, null, "Dragon", null, false, 2, null, "Fairy", null, false, 3, null, "Field", null, false, 4, null, "Flying", null, false, 5, null, "Grass", null, false, 6, null, "Human-like", null, false, 7, null, "Mineral", null, false, 8, null, "Monster", null, false, 9, null, "Water 1", null, false, 10, null, "Water 2", null, false, 11, null, "Water 3", null, false, 12, null, "Ditto", null, false, 13, null, "Undiscovered", null, false, 14, null ]
selected = 0
__meta__ = {
"_edit_use_anchors_": false
}

[node name="StepsToHatch" type="Label" parent="EggData"]
margin_left = 5.0
margin_top = 123.599
margin_right = 106.0
margin_bottom = 160.599
custom_fonts/font = ExtResource( 6 )
text = "Steps to hatch"
__meta__ = {
"_edit_use_anchors_": false
}

[node name="Value" type="LineEdit" parent="EggData/StepsToHatch"]
margin_left = 158.0
margin_right = 237.0
margin_bottom = 24.0
hint_tooltip = "Determines position in pokedex

Updates automatically if moved in the pokedex menu"
custom_styles/normal = ExtResource( 28 )
text = "0"
align = 1
placeholder_alpha = 0.2
caret_blink = true
caret_blink_speed = 0.5
__meta__ = {
"_edit_use_anchors_": false
}

[node name="Type" type="Label" parent="."]
margin_left = 25.0
margin_top = 700.467
margin_right = 411.0
margin_bottom = 816.467
rect_pivot_offset = Vector2( 61, 16.5 )
custom_styles/normal = SubResource( 1 )
custom_fonts/font = ExtResource( 5 )
text = "Type


"
__meta__ = {
"_edit_use_anchors_": false
}

[node name="PrimaryType" type="Label" parent="Type"]
anchor_left = -0.000488281
anchor_right = -0.000488281
margin_left = 5.18848
margin_top = 56.0119
margin_right = 115.188
margin_bottom = 93.0119
custom_fonts/font = ExtResource( 6 )
text = "Primary type
"
__meta__ = {
"_edit_use_anchors_": false
}

[node name="Value" type="OptionButton" parent="Type/PrimaryType"]
margin_left = 158.0
margin_right = 234.0
margin_bottom = 24.0
hint_tooltip = "The pokemon's primary type

If only one type is desired, set both boxes to that type"
custom_styles/normal = ExtResource( 28 )
icon = ExtResource( 9 )
items = [ "", ExtResource( 9 ), false, 0, null, "", ExtResource( 27 ), false, 1, null, "", ExtResource( 14 ), false, 2, null, "", ExtResource( 16 ), false, 3, null, "", ExtResource( 17 ), false, 4, null, "", ExtResource( 13 ), false, 5, null, "", ExtResource( 20 ), false, 6, null, "", ExtResource( 18 ), false, 7, null, "", ExtResource( 19 ), false, 8, null, "", ExtResource( 21 ), false, 9, null, "", ExtResource( 10 ), false, 10, null, "", ExtResource( 22 ), false, 11, null, "", ExtResource( 12 ), false, 12, null, "", ExtResource( 11 ), false, 13, null, "", ExtResource( 23 ), false, 14, null, "", ExtResource( 24 ), false, 15, null, "", ExtResource( 26 ), false, 16, null, "", ExtResource( 25 ), false, 17, null ]
selected = 0
__meta__ = {
"_edit_use_anchors_": false
}

[node name="SecondaryType" type="Label" parent="Type"]
anchor_left = -0.000488281
anchor_right = -0.000488281
margin_left = 5.18848
margin_top = 90.3461
margin_right = 132.188
margin_bottom = 127.346
custom_fonts/font = ExtResource( 6 )
text = "Secondary type
"
__meta__ = {
"_edit_use_anchors_": false
}

[node name="Value" type="OptionButton" parent="Type/SecondaryType"]
margin_left = 158.0
margin_right = 234.0
margin_bottom = 24.0
hint_tooltip = "The pokemon's secondary type

If only one type is desired, set both boxes to that type"
custom_styles/normal = ExtResource( 28 )
icon = ExtResource( 9 )
items = [ "", ExtResource( 9 ), false, 0, null, "", ExtResource( 27 ), false, 1, null, "", ExtResource( 14 ), false, 2, null, "", ExtResource( 16 ), false, 3, null, "", ExtResource( 17 ), false, 4, null, "", ExtResource( 13 ), false, 5, null, "", ExtResource( 20 ), false, 6, null, "", ExtResource( 18 ), false, 7, null, "", ExtResource( 19 ), false, 8, null, "", ExtResource( 21 ), false, 9, null, "", ExtResource( 10 ), false, 10, null, "", ExtResource( 22 ), false, 11, null, "", ExtResource( 12 ), false, 12, null, "", ExtResource( 11 ), false, 13, null, "", ExtResource( 23 ), false, 14, null, "", ExtResource( 24 ), false, 15, null, "", ExtResource( 26 ), false, 16, null, "", ExtResource( 25 ), false, 17, null ]
selected = 0
__meta__ = {
"_edit_use_anchors_": false
}

[node name="Sprites" type="Label" parent="."]
margin_left = 25.0
margin_top = 1165.74
margin_right = 562.0
margin_bottom = 1416.74
rect_pivot_offset = Vector2( 61, 16.5 )
custom_styles/normal = SubResource( 1 )
custom_fonts/font = ExtResource( 5 )
text = "Sprites


"
__meta__ = {
"_edit_use_anchors_": false
}

[node name="SpriteSheet" type="Label" parent="Sprites"]
margin_left = 5.0
margin_top = 55.9934
margin_right = 106.0
margin_bottom = 112.993
custom_fonts/font = ExtResource( 6 )
text = "Sprite Sheet

"
__meta__ = {
"_edit_use_anchors_": false
}

[node name="Value" type="TextureRect" parent="Sprites/SpriteSheet"]
margin_left = 155.413
margin_right = 480.413
margin_bottom = 196.0
hint_tooltip = "Drag and drop a png file

Make sure to check transparency is correct!"
mouse_filter = 0
expand = true
script = ExtResource( 4 )
__meta__ = {
"_edit_use_anchors_": false
}

[node name="Border" type="LineEdit" parent="Sprites/SpriteSheet/Value"]
show_behind_parent = true
anchor_right = 1.0
anchor_bottom = 1.0
mouse_filter = 2
custom_styles/read_only = ExtResource( 28 )
editable = false
context_menu_enabled = false
virtual_keyboard_enabled = false
shortcut_keys_enabled = false
selecting_enabled = false
__meta__ = {
"_edit_use_anchors_": false
}

[node name="Pokedex" type="Label" parent="."]
anchor_top = -0.0014381
anchor_bottom = -0.0014381
margin_left = 25.0
margin_top = 852.868
margin_right = 562.0
margin_bottom = 1135.87
rect_pivot_offset = Vector2( 61, 16.5 )
custom_styles/normal = SubResource( 1 )
custom_fonts/font = ExtResource( 5 )
text = "Pokedex


"
__meta__ = {
"_edit_use_anchors_": false
}

[node name="Category" type="Label" parent="Pokedex"]
anchor_left = -0.000488281
anchor_right = -0.000488281
margin_left = 5.14357
margin_top = 55.5934
margin_right = 69.1436
margin_bottom = 92.5934
custom_fonts/font = ExtResource( 6 )
text = "Category"
__meta__ = {
"_edit_use_anchors_": false
}

[node name="Value" type="LineEdit" parent="Pokedex/Category"]
margin_left = 158.0
margin_right = 379.0
margin_bottom = 24.0
hint_tooltip = "The pokemon's classification category

Refer to bulbapedia for further details"
custom_styles/normal = ExtResource( 28 )
placeholder_alpha = 0.2
caret_blink = true
caret_blink_speed = 0.5
__meta__ = {
"_edit_use_anchors_": false
}

[node name="Height" type="Label" parent="Pokedex"]
margin_left = 4.88136
margin_top = 92.5934
margin_right = 105.881
margin_bottom = 129.593
custom_fonts/font = ExtResource( 6 )
text = "Height"
__meta__ = {
"_edit_use_anchors_": false
}

[node name="ValueFeet" type="LineEdit" parent="Pokedex/Height"]
margin_left = 158.0
margin_right = 237.0
margin_bottom = 24.0
hint_tooltip = "The pokemon's height  in feet and inches

Use a comma or period as decimal point"
custom_styles/normal = ExtResource( 28 )
align = 1
placeholder_alpha = 0.2
caret_blink = true
caret_blink_speed = 0.5
__meta__ = {
"_edit_use_anchors_": false
}

[node name="Unit" type="Label" parent="Pokedex/Height/ValueFeet"]
margin_left = 89.071
margin_right = 146.071
margin_bottom = 17.0
custom_fonts/font = ExtResource( 6 )
text = "ft"
__meta__ = {
"_edit_use_anchors_": false
}

[node name="ValueInches" type="LineEdit" parent="Pokedex/Height"]
margin_left = 282.413
margin_right = 361.413
margin_bottom = 24.0
custom_styles/normal = ExtResource( 28 )
align = 1
placeholder_alpha = 0.2
caret_blink = true
caret_blink_speed = 0.5
__meta__ = {
"_edit_use_anchors_": false
}

[node name="Unit" type="Label" parent="Pokedex/Height/ValueInches"]
margin_left = 84.7526
margin_right = 141.753
margin_bottom = 17.0
custom_fonts/font = ExtResource( 6 )
text = "\""
__meta__ = {
"_edit_use_anchors_": false
}

[node name="Weight" type="Label" parent="Pokedex"]
margin_left = 4.88136
margin_top = 137.917
margin_right = 105.881
margin_bottom = 174.917
custom_fonts/font = ExtResource( 6 )
text = "Weight"
__meta__ = {
"_edit_use_anchors_": false
}

[node name="Value" type="LineEdit" parent="Pokedex/Weight"]
margin_left = 158.0
margin_right = 237.0
margin_bottom = 24.0
hint_tooltip = "The pokemon's weight in pounds

Use a comma or period as decimal point"
custom_styles/normal = ExtResource( 28 )
align = 1
placeholder_alpha = 0.2
caret_blink = true
caret_blink_speed = 0.5
__meta__ = {
"_edit_use_anchors_": false
}

[node name="Unit" type="Label" parent="Pokedex/Weight"]
margin_left = 247.071
margin_right = 304.071
margin_bottom = 17.0
custom_fonts/font = ExtResource( 6 )
text = "lbs"
__meta__ = {
"_edit_use_anchors_": false
}

[node name="Description" type="Label" parent="Pokedex"]
margin_left = 4.88137
margin_top = 174.917
margin_right = 105.881
margin_bottom = 211.917
custom_fonts/font = ExtResource( 6 )
text = "Description"
__meta__ = {
"_edit_use_anchors_": false
}

[node name="Value" type="TextEdit" parent="Pokedex/Description"]
margin_left = 156.413
margin_right = 435.413
margin_bottom = 118.0
hint_tooltip = "May be as long as desired"
custom_styles/normal = ExtResource( 28 )
caret_blink = true
caret_blink_speed = 0.5
__meta__ = {
"_edit_use_anchors_": false
}

[node name="TODO" type="Label" parent="Pokedex"]
visible = false
margin_left = 5.00001
margin_top = 302.569
margin_right = 215.0
margin_bottom = 339.569
custom_fonts/font = ExtResource( 6 )
text = "TODO - Body shape/footprint"
__meta__ = {
"_edit_use_anchors_": false
}

[node name="MovePool" type="Label" parent="."]
anchor_top = 0.00166667
anchor_bottom = 0.00166667
margin_left = 30.0
margin_top = 1446.7
margin_right = 562.0
margin_bottom = 1815.7
rect_pivot_offset = Vector2( 61, 16.5 )
custom_styles/normal = SubResource( 1 )
custom_fonts/font = ExtResource( 5 )
text = "Move Pool

"
__meta__ = {
"_edit_use_anchors_": false
}

[node name="LevelUp" type="Label" parent="MovePool"]
anchor_left = -0.000488281
anchor_right = -0.000488281
margin_left = 5.25977
margin_top = 60.351
margin_right = 65.2598
margin_bottom = 97.351
custom_fonts/font = ExtResource( 6 )
text = "Level-up
"
__meta__ = {
"_edit_use_anchors_": false
}

[node name="Value" type="ItemList" parent="MovePool/LevelUp"]
margin_left = 153.0
margin_right = 477.0
margin_bottom = 305.0
hint_tooltip = "Displayed name in-game"
custom_styles/bg = ExtResource( 28 )
__meta__ = {
"_edit_use_anchors_": false
}

[node name="Stats" type="Label" parent="."]
anchor_top = 0.00166667
anchor_bottom = 0.00166667
margin_left = 25.0
margin_top = 2533.86
margin_right = 477.0
margin_bottom = 2797.86
rect_pivot_offset = Vector2( 61, 16.5 )
custom_styles/normal = SubResource( 1 )
custom_fonts/font = ExtResource( 5 )
text = "Stats


"
__meta__ = {
"_edit_use_anchors_": false
}

[node name="Hp" type="Label" parent="Stats"]
margin_left = 5.0
margin_top = 42.245
margin_right = 115.0
margin_bottom = 79.245
custom_fonts/font = ExtResource( 6 )
text = "Hp"
__meta__ = {
"_edit_use_anchors_": false
}

[node name="Value" type="HSlider" parent="Stats/Hp"]
margin_left = 158.0
margin_right = 304.0
margin_bottom = 24.0
hint_tooltip = "Initial happiness value when pokemon is first obtained"
min_value = 1.0
max_value = 200.0
value = 1.0
allow_greater = true
ticks_on_borders = true
script = ExtResource( 3 )
__meta__ = {
"_edit_use_anchors_": false
}

[node name="Value" type="LineEdit" parent="Stats/Hp/Value"]
margin_left = 173.413
margin_right = 223.413
margin_bottom = 16.0
hint_tooltip = "Initial happiness value when pokemon is first obtained"
custom_styles/normal = ExtResource( 28 )
text = "1"
align = 1
caret_blink = true
caret_blink_speed = 0.5
__meta__ = {
"_edit_use_anchors_": false
}

[node name="Attack" type="Label" parent="Stats"]
margin_left = 5.00002
margin_top = 79.245
margin_right = 115.0
margin_bottom = 116.245
custom_fonts/font = ExtResource( 6 )
text = "Attack
"
__meta__ = {
"_edit_use_anchors_": false
}

[node name="Value" type="HSlider" parent="Stats/Attack"]
margin_left = 158.0
margin_right = 304.0
margin_bottom = 24.0
hint_tooltip = "Initial happiness value when pokemon is first obtained"
min_value = 1.0
max_value = 200.0
value = 1.0
ticks_on_borders = true
script = ExtResource( 3 )
__meta__ = {
"_edit_use_anchors_": false
}

[node name="Value" type="LineEdit" parent="Stats/Attack/Value"]
margin_left = 173.413
margin_right = 223.413
margin_bottom = 16.0
hint_tooltip = "Initial happiness value when pokemon is first obtained"
custom_styles/normal = ExtResource( 28 )
text = "1"
align = 1
caret_blink = true
caret_blink_speed = 0.5
__meta__ = {
"_edit_use_anchors_": false
}

[node name="Defence" type="Label" parent="Stats"]
margin_left = 5.00002
margin_top = 116.245
margin_right = 115.0
margin_bottom = 153.245
custom_fonts/font = ExtResource( 6 )
text = "Defence"
__meta__ = {
"_edit_use_anchors_": false
}

[node name="Value" type="HSlider" parent="Stats/Defence"]
margin_left = 158.0
margin_right = 304.0
margin_bottom = 24.0
hint_tooltip = "Initial happiness value when pokemon is first obtained"
min_value = 1.0
max_value = 200.0
value = 1.0
ticks_on_borders = true
script = ExtResource( 3 )
__meta__ = {
"_edit_use_anchors_": false
}

[node name="Value" type="LineEdit" parent="Stats/Defence/Value"]
margin_left = 173.413
margin_right = 223.413
margin_bottom = 16.0
hint_tooltip = "Initial happiness value when pokemon is first obtained"
custom_styles/normal = ExtResource( 28 )
text = "1"
align = 1
caret_blink = true
caret_blink_speed = 0.5
__meta__ = {
"_edit_use_anchors_": false
}

[node name="SpecialAttack" type="Label" parent="Stats"]
margin_left = 5.00002
margin_top = 153.245
margin_right = 115.0
margin_bottom = 190.245
custom_fonts/font = ExtResource( 6 )
text = "Sp. Atk"
__meta__ = {
"_edit_use_anchors_": false
}

[node name="Value" type="HSlider" parent="Stats/SpecialAttack"]
margin_left = 158.0
margin_right = 304.0
margin_bottom = 24.0
hint_tooltip = "Initial happiness value when pokemon is first obtained"
min_value = 1.0
max_value = 200.0
value = 1.0
ticks_on_borders = true
script = ExtResource( 3 )
__meta__ = {
"_edit_use_anchors_": false
}

[node name="Value" type="LineEdit" parent="Stats/SpecialAttack/Value"]
margin_left = 173.413
margin_right = 223.413
margin_bottom = 16.0
hint_tooltip = "Initial happiness value when pokemon is first obtained"
custom_styles/normal = ExtResource( 28 )
text = "1"
align = 1
caret_blink = true
caret_blink_speed = 0.5
__meta__ = {
"_edit_use_anchors_": false
}

[node name="SpecialDefence" type="Label" parent="Stats"]
margin_left = 5.00002
margin_top = 190.245
margin_right = 115.0
margin_bottom = 227.245
custom_fonts/font = ExtResource( 6 )
text = "Sp. Def
"
__meta__ = {
"_edit_use_anchors_": false
}

[node name="Value" type="HSlider" parent="Stats/SpecialDefence"]
margin_left = 158.0
margin_right = 304.0
margin_bottom = 24.0
hint_tooltip = "Initial happiness value when pokemon is first obtained"
min_value = 1.0
max_value = 200.0
value = 1.0
ticks_on_borders = true
script = ExtResource( 3 )
__meta__ = {
"_edit_use_anchors_": false
}

[node name="Value" type="LineEdit" parent="Stats/SpecialDefence/Value"]
margin_left = 173.413
margin_right = 223.413
margin_bottom = 16.0
hint_tooltip = "Initial happiness value when pokemon is first obtained"
custom_styles/normal = ExtResource( 28 )
text = "1"
align = 1
caret_blink = true
caret_blink_speed = 0.5
__meta__ = {
"_edit_use_anchors_": false
}

[node name="Speed" type="Label" parent="Stats"]
margin_left = 5.00002
margin_top = 227.245
margin_right = 115.0
margin_bottom = 264.245
custom_fonts/font = ExtResource( 6 )
text = "Speed"
__meta__ = {
"_edit_use_anchors_": false
}

[node name="Value" type="HSlider" parent="Stats/Speed"]
margin_left = 158.0
margin_right = 304.0
margin_bottom = 24.0
hint_tooltip = "Initial happiness value when pokemon is first obtained"
min_value = 1.0
max_value = 200.0
value = 1.0
ticks_on_borders = true
script = ExtResource( 3 )
__meta__ = {
"_edit_use_anchors_": false
}

[node name="Value" type="LineEdit" parent="Stats/Speed/Value"]
margin_left = 173.413
margin_right = 223.413
margin_bottom = 16.0
hint_tooltip = "Initial happiness value when pokemon is first obtained"
custom_styles/normal = ExtResource( 28 )
text = "1"
align = 1
caret_blink = true
caret_blink_speed = 0.5
__meta__ = {
"_edit_use_anchors_": false
}
[connection signal="value_changed" from="General/GenderRatio/Value" to="General/GenderRatio/Value" method="_on_value_changed"]
[connection signal="text_entered" from="General/GenderRatio/Value/ValueF" to="General/GenderRatio/Value" method="_on_ValueF_text_entered"]
[connection signal="text_entered" from="General/GenderRatio/Value/ValueM" to="General/GenderRatio/Value" method="_on_ValueM_text_entered"]
[connection signal="value_changed" from="General/BaseHappiness/Value" to="General/BaseHappiness/Value" method="_on_value_changed"]
[connection signal="text_entered" from="General/BaseHappiness/Value/Value" to="General/BaseHappiness/Value" method="_on_Value_text_entered"]
[connection signal="value_changed" from="General/CatchRate/Value" to="General/CatchRate/Value" method="_on_value_changed"]
[connection signal="text_entered" from="General/CatchRate/Value/Value" to="General/CatchRate/Value" method="_on_Value_text_entered"]
[connection signal="value_changed" from="Stats/Hp/Value" to="Stats/Hp/Value" method="_on_value_changed"]
[connection signal="text_entered" from="Stats/Hp/Value/Value" to="Stats/Hp/Value" method="_on_Value_text_entered"]
[connection signal="value_changed" from="Stats/Attack/Value" to="Stats/Attack/Value" method="_on_value_changed"]
[connection signal="text_entered" from="Stats/Attack/Value/Value" to="Stats/Attack/Value" method="_on_Value_text_entered"]
[connection signal="value_changed" from="Stats/Defence/Value" to="Stats/Defence/Value" method="_on_value_changed"]
[connection signal="text_entered" from="Stats/Defence/Value/Value" to="Stats/Defence/Value" method="_on_Value_text_entered"]
[connection signal="value_changed" from="Stats/SpecialAttack/Value" to="Stats/SpecialAttack/Value" method="_on_value_changed"]
[connection signal="text_entered" from="Stats/SpecialAttack/Value/Value" to="Stats/SpecialAttack/Value" method="_on_Value_text_entered"]
[connection signal="value_changed" from="Stats/SpecialDefence/Value" to="Stats/SpecialDefence/Value" method="_on_value_changed"]
[connection signal="text_entered" from="Stats/SpecialDefence/Value/Value" to="Stats/SpecialDefence/Value" method="_on_Value_text_entered"]
[connection signal="value_changed" from="Stats/Speed/Value" to="Stats/Speed/Value" method="_on_value_changed"]
[connection signal="text_entered" from="Stats/Speed/Value/Value" to="Stats/Speed/Value" method="_on_Value_text_entered"]
